
%%%% BOOKS

 @book{Klette:Concise_Computer_Vision,
  author    = {Reinhard Klette}, 
  title     = {Concise Computer Vision: An Introduction into Theory and Algorithms},
  address   = {Auckland, New Zeland},
  publisher = {Springer},
  year      = 2014
}

%%% EXAMPLES

@misc{Fowler:IoC_and_DI_pattern,
   author 	= "Martin Fowler",
   title 		= "Inversion of Control Containers and the Dependency Injection pattern",
   year 		= "2004",
   url 			= "http://www.martinfowler.com/articles/injection.html",
   note 		= "[Último acesso em 01/11/2015]"
 }

@misc{wiki:Hollywood_Principle,
   author 	= "Cunningham & Cunningham, Inc.",
   title 		= "Hollywood Principle",
   year 		= "2013",
   url 			= "http://c2.com/cgi/wiki?HollywoodPrinciple",
   note 		= "[Último acesso em 01/11/2015]"
 }
 

 @misc{wiki:ejb,
   author 	= "Wikipedia",
   title 		= "Enterprise JavaBeans",
   year 		= "2015",
   url 			= "https://en.wikipedia.org/wiki/Enterprise_JavaBeans",
   note 		= "[Último acesso em 01/11/2015]"
 }

 @misc{wiki:spring,
   author 	= "Wikipedia",
   title 		= "Spring Framework",
   year 		= "2015",
   url 			= "https://en.wikipedia.org/wiki/Spring_Framework",
   note 		= "[Último acesso em 01/11/2015]"
 }

 
 @book{Keith_Schin:EJB3_Profissional,
  author    = {Mike Keith and Merrick Schincariol}, 
  title     = {EJB 3 Profissional: Java Persistence API},
  address   = {Rio de Janeiro},
  publisher = {Editora Ciência Moderna},
  year      = 2008
}

 @misc{wiki:jsf,
   author 	= "Wikipedia",
   title 		= "JavaServer Faces",
   year 		= "2015",
   url 			= "https://en.wikipedia.org/wiki/JavaServer_Faces",
   note 		= "[Último acesso em 01/11/2015]"
 }
 
  @misc{ wiki:convention,
   author = "Wikipedia",
   title = "Convention over configuration",
   year = "2015",
   url = "https://en.wikipedia.org/w/index.php?title=Convention_over_configuration&oldid=683446375",
   note = "[Último acesso em 04/11/2015]"
 }
 
 @book{Andrew:EJB,
    author      =   {Andrew Lee Rubinger and Willian J. Burke},
    title       =   "Enterprise JavaBeans 3.1",
    address     =   {California},
    publisher   =   {O'Reilly Media},
    year        =   "2010"
 }
 
//-------------------------------------------------

@phdthesis{thesis-davi,
  author 		= {Davi de Paiva Costa Tangerino},
  title 		= {Apreciação crítica dos fundamentos da culpabilidade a partir da Criminologia: contribuições para um direito penal mais ético},
  school		= {Universidade de São Paulo},
  year      		= {2009},
}

@book{bitencourt,
  author    = {Cezar Roberto Bitencourt}, 
  title     = {Tratado de Direito Penal: Parte Geral 1},
  address   = {São Paulo},
  publisher = {Saraiva},
  year      = 2015,
  edition   = 21
}

@book{hassemer,
  author    = {Winfried Hassemer}, 
  title     = {Fundamentos del Derecho Penal},
  address   = {Barcelona},
  publisher = {Bosch},
  year      = 1984,
}

@book{mir-puig,
  author    = {Mir Puig}, 
  title     = {Derecho Penal: Parte General},
  address   = {Barcelona},
  publisher = {PPU},
  year      = 1985,
}

@book{welzel,
  author    = {Hans Welzel}, 
  title     = {El nuevo sistema del Derecho Penal},
  address   = {Barcelona},
  publisher = {Ed. Ariel},
  year      = 1964,
}

@book{welzel2,
  author    = {Hans Welzel}, 
  title     = {Derecho Penal alemán},
  address   = {Santiago},
  publisher = {Ed. Jurídica de Chile},
  year      = 1970,
}

@book{vidaurri,
  author    = {Manuel Vidaurri Aréchiga}, 
  title     = {La culpabilidad en la doctrina jurídico-penal española},
  address   = {Sevilla},
  year      = 1989,
}

@book{regisprado,
  author    = {Luis Regis Prado}, 
  title     = {Curso de Direito Penal Brasileiro},
  address   = {São Paulo},
	publisher = {Revista dos Tribunais},
  year      = 2005,
	edition   = 5,
}

@book{anibal,
  author    = {Aníbal Bruno}, 
  title     = {Direito Penal},
  address   = {Rio de Janeiro},
	publisher = {Forense},
  year      = 1967,
	edition   = 3,
	volume    = 2,
}

@book{damasio,
  author    = {Damásio de Jesus}, 
  title     = {Direito Penal},
  address   = {São Paulo},
	publisher = {Saraiva},
  year      = 1993,
	edition   = 17,
}

@book{munoz,
  author    = {Francisco Conde Muñoz}, 
  title     = {Teoria geral do delito},
  address   = {Porto Alegre},
	publisher = {Sérgio Antônio Fabris},
  year      = 1988,
}

@book{figueiredo,
  author    = {Jorge de Figueiredo Dias}, 
  title     = {O problema da consciência da ilicitude em Direito Penal},
  address   = {Coimbra},
	publisher = {Coimbra Editora},
  year      = 2000,
}

@book{sinopse-penal-pg,
  author    = {Francisco Lasley Lopes de Almeida}, 
  title     = {Sinopses Jurídicas: Direito Penal - Parte Geral},
  address   = {São Paulo},
	publisher = {Saraiva},
  year      = 2012,
}

@book{fragoso,
  author    = {Heleno Cláudio Fragoso}, 
  title     = {Lições de direito penal - Parte Geral},
  address   = {Rio de Janeiro},
	publisher = {Forense},
	edition   = 16,
  year      = 2004,
}

@book{mirabete,
  author    = {Júlio Fabbrini Mirabete}, 
  title     = {Manual de direito penal},
  address   = {São Paulo},
	publisher = {Atlas},
	volume    = 1,
	edition   = 7,
	year      = 1983,
}

@manual{NBR6028:2003,
	Address 			= {Rio de Janeiro},
	Date-Added 		= {2012-12-15 21:02:12 +0000},
	Date-Modified = {2012-12-15 21:02:50 +0000},
	Month 				= {nov.},
	Org-Short 		= {ABNT},
	Organization 	= {Associa{\c c}\~ao Brasileira de Normas T\'ecnicas},
	Pages 				= 2,
	Subtitle 			=	{Resumo - Apresenta{\c c}{\~a}o},
	Title 				= {{NBR} 6028},
	Year 					= 2003
}

@book{aristoteles,
  author    = {Aristóteles}, 
  title     = {A Política},
  address   = {São Paulo},
	publisher = {Martins Fontes},
	edition   = 3,
	year      = 2006,
	note      = {tradução de Roberto Leal Ferreira}
}

 @misc{regimes-politicos1,
   author 	= "João Francisco P. Cabral",
   title 		= "Os regimes políticos e as formas de governo segundo Aristóteles --- Brasil Escola",
   year 		= "2015",
   url 			= "http://www.brasilescola.com/filosofia/os-regimes-politicos-as-formas-governo-segundo-aristoteles.htm",
   note 		= "[Último acesso em 16/05/2015]"
 }

 @misc{wiki:forma-governo,
   author 	= "Wikipedia",
   title 		= "Forma de Governo",
   year 		= "2015",
   url 			= "http://pt.wikipedia.org/wiki/Forma_de_governo",
   note 		= "[Último acesso em 16/05/2015]"
 }

 @misc{wiki:teorias-formas-governo,
   author 	= "Wikipedia",
   title 		= "Teoria das formas de governo",
   year 		= "2015",
   url 			= "http://pt.wikipedia.org/wiki/Teoria_das_formas_de_governo",
   note 		= "[Último acesso em 16/05/2015]"
 }

@misc{wiki:sistema-governo,
   author 	= "Wikipedia",
   title 		= "Sistema de governo",
   year 		= "2015",
   url 			= "http://pt.wikipedia.org/wiki/Sistema_de_governo",
   note 		= "[Último acesso em 16/05/2015]"
 }

@misc{forma-estado,
   author 	= "Luiz Andrade Oliveira",
   title 		= "Formas de estado",
   year 		= "2015",
   url 			= "http://www.loveira.adv.br/material/te_formas_de_estado.doc",
   note 		= "[Último acesso em 16/05/2015]"
 }

@book{jose-afonso-silva,
  author    = {José de Afonso da Silva}, 
  title     = {Curso de Direito Constitucional Positivo},
  address   = {São Paulo},
	publisher = {Malheiros Editores},
	edition   = 37,
	year      = 2014,
}

@misc{wiki:primeiro-imperio,
   author 	= "Wikipedia",
   title 		= "Império do Brasil",
   year 		= "2015",
   url 			= "http://pt.wikipedia.org/wiki/Império_do_Brasil",
   note 		= "[Último acesso em 16/05/2015]"
 }

@misc{republica-oligarquica,
   author 	= "Leandro Carvalho",
   title 		= "República Oligárquica",
   year 		= "2015",
   url 			= "http://www.brasilescola.com/historiab/republica-oligarquica.htm",
   note 		= "[Último acesso em 16/05/2015]"
 }

@misc{wiki:era-vargas,
   author 	= "Wikipedia",
   title 		= "Era Vargas",
   year 		= "2015",
   url 			= "http://pt.wikipedia.org/wiki/Era_Vargas",
   note 		= "[Último acesso em 18/05/2015]"
 }

@misc{wiki:periodo-populista,
   author 	= "Wikipedia",
   title 		= "Período populista",
   year 		= "2015",
   url 			= "http://pt.wikipedia.org/wiki/Período_Populista",
   note 		= "[Último acesso em 18/05/2015]"
 }

@misc{wiki:ditadura-militar,
   author 	= "Wikipedia",
   title 		= "Ditadura militar no Brasil (1964-1985)",
   year 		= "2015",
   url 			= "http://pt.wikipedia.org/wiki/Ditadura_militar_no_Brasil_(1964-1985)",
   note 		= "[Último acesso em 18/05/2015]"
 }

@misc{segundo-reinado,
   author 	= "Miriam Ilza Santana",
   title 		= "Segundo Reinado",
   year 		= "2015",
   url 			= "http://www.infoescola.com/historia/segundo-reinado/",
   note 		= "[Último acesso em 18/05/2015]"
 }

@misc{estado-federal,
   author 	= "João Guilherme de Moura Rocha Parente Muniz",
   title 		= "Caracterização do Estado Federal brasileiro",
   year 		= "2013",
   url 			= "http://jus.com.br/artigos/25065/caracterizacao-do-estado-federal-brasileiro",
   note 		= "[Último acesso em 18/05/2015]"
 }

@misc{estado-novo,
   author 	= "Só HISTÓRIA",
   title 		= "República Nova",
   year 		= "2015",
   url 			= "http://www.sohistoria.com.br/ef2/histbrasil/p2.php",
   note 		= "[Último acesso em 19/05/2015]"
 }

@misc{federalismo-brasil,
   author 	= "Wikipedia",
   title 		= "Federalismo no Brasil",
   year 		= "2015",
   url 			= "http://pt.wikipedia.org/wiki/Federalismo_no_Brasil",
   note 		= "[Último acesso em 19/05/2015]"
 }

@misc{couceiro,
   author 	= "Julio Cezar Couceiro",
   title 		= "Princípio da Separação de Poderes em corrente tripartite",
   year 		= "2015",
   url 			= "http://www.ambito-juridico.com.br/site/?artigo_id=10678&n_link=revista_artigos_leitura",
   note 		= "[Último acesso em 19/05/2015]"
 }

@misc{parlamentarismo,
   author 	= "Algo Sobre Vestibular",
   title 		= "Parlamentarismo no Brasil",
   year 		= "2015",
   url 			= "https://www.algosobre.com.br/historia/parlamentarismo-no-brasil.html",
   note 		= "[Último acesso em 19/05/2015]"
 }

@misc{rainer-sousa,
   author 	= "Rainer Sousa",
   title 		= "A questão democrática no Brasil",
   year 		= "2015",
   url 			= "http://www.brasilescola.com/politica/primordios-democracia-patria-tupiniquim.htm",
   note 		= "[Último acesso em 19/05/2015]"
 }

@misc{thiago-krebs,
   author 	= "Thiago Pacheco Costa Krebs",
   title 		= "Aspectos do presidencialismo na constituição do Brasil: o veto presidencial como instrumento de balança de poder",
   year 		= "2008",
   url 			= "http://www3.pucrs.br/pucrs/files/uni/poa/direito/graduacao/tcc/tcc2/trabalhos2008_2/thiago_pacheco.pdf",
   note 		= "[Último acesso em 19/05/2015]"
 }

@book{maria-helena-diniz-compendio-2014,
  author    = {Maria Helena Diniz}, 
  title     = {Compêndio de introdução às ciências do direito: introdução à teoria geral do direito, à filosofia do direito, à sociologia jurídica},
  address   = {São Paulo},
	publisher = {Saraiva},
	edition   = 25,
	year      = 2014,
}

@book{daniel-coelho-souza-1983,
  author    = {Daniel Coelho Souza}, 
  title     = {Introdução à Ciência do Direito},
  address   = {São Paulo},
	publisher = {Saraiva},
	edition   = 4,
	year      = 1983,
}

@book{rosenvald-2014,
  author    = {Cristiano Chaves de Farias and Nelson Rosenvald}, 
  title     = {Curso de direito civil: parte geral e LINDB},
  address   = {Salvador},
	publisher = {Ediões JusPODIVM},
	edition   = 12,
	year      = 2014,
}

@book{leoni-2004,
  author    = {José Maria Leoni Lopes de Oliveira}, 
  title     = {Introdução ao Direito},
  address   = {Rio de Janeiro},
	publisher = {Lumen Juris},
	year      = 2004,
}

@book{souza-neto-2000,
  author    = {João Baptista de Mello e Souza{ }Neto}, 
  title     = {Direito Civil: parte geral},
  address   = {São Paulo},
	publisher = {Atlas},
	edition   = 3,
	year      = 2000,
}

@book{dimoulis-2014,
  author    = {Dimitri Dimoulis}, 
  title     = {Manual de introdução ao estudo do direito},
  address   = {São Paulo},
	publisher = {Editora Revista dos Tribunais},
	edition   = 6,
	year      = 2014,
}